<?xml version="1.0" encoding="UTF-8"?><collection xmlns="http://www.loc.gov/MARC21/slim"><record><leader>00552nam--2200169-u-4500</leader><controlfield tag="001">000054919</controlfield><controlfield tag="002">20161230</controlfield><controlfield tag="005">20161230201051</controlfield><controlfield tag="008">120703s1000------------r-----000-0-eng-d</controlfield><datafield ind1=" " ind2=" " tag="040"><subfield code="a">IFIN-HH</subfield></datafield><datafield ind1=" " ind2=" " tag="080"><subfield code="a">539.18/19:530.145.6</subfield></datafield><datafield ind1="1" ind2=" " tag="100"><subfield code="a">Schaefer Iii, Henry F</subfield></datafield><datafield ind1="1" ind2="0" tag="245"><subfield code="a">The electronic structure of atoms and molecules</subfield><subfield code="b">A survey of rigorous quantum mechanical results</subfield><subfield code="c">Henry f. schaefer iii</subfield></datafield><datafield ind1=" " ind2=" " tag="260"><subfield code="a">Reading, Massachusetts</subfield><subfield code="b">Addison-wesley Publishing Company</subfield><subfield code="c">1972</subfield></datafield><datafield ind1=" " ind2=" " tag="300"><subfield code="a">437P</subfield></datafield><datafield ind1=" " ind2=" " tag="852"><subfield code="a">43606</subfield><subfield code="c">539.18</subfield></datafield><datafield ind1=" " ind2=" " tag="CAT"><subfield code="a">Sys</subfield><subfield code="c">20120703</subfield><subfield code="h">142525</subfield></datafield></record></collection>